@article{AIMotherTongue,
  author    = {Hung Ming Liu},
  title     = {AI Mother Tongue: Self-Emergent Communication in MARL via Endogenous Symbol Systems},
  journal   = {arXiv preprint arXiv:2507.10566},
  year      = {2025},
  url       = {https://arxiv.org/abs/2507.10566}
}
